<?xml version="1.0" encoding="UTF-8"?><collection xmlns="http://www.loc.gov/MARC21/slim"><record><leader>00472nam--2200133-i-4500</leader><controlfield tag="001">000011374</controlfield><controlfield tag="002">20161230</controlfield><controlfield tag="005">20161230201029</controlfield><controlfield tag="008">060222s1000------------r-----000-0-eng-d</controlfield><datafield ind1=" " ind2=" " tag="100"><subfield code="a">Candzow, James A</subfield></datafield><datafield ind1=" " ind2=" " tag="245"><subfield code="a">Discrete-time systems. an introduction with in terdisciplinary applications</subfield></datafield><datafield ind1=" " ind2=" " tag="260"><subfield code="a">Englewood Cliffs, Prentice-hall, Inc., 1973</subfield></datafield><datafield ind1=" " ind2=" " tag="490"><subfield code="a">Prentice-hall Computer Applicatio In Electrica L Engineering Series Franklin F.Kuo, Editor</subfield></datafield><datafield ind1=" " ind2=" " tag="852"><subfield code="a">621.391:681.32</subfield></datafield></record></collection>